 @misc{ wiki,
   author = "Wikipedia",
   title = "Clojure --- Wikipedia{,} The Free Encyclopedia",
   year = "2012",
   url = "http://en.wikipedia.org/w/index.php?title=Clojure&oldid=481394773",
   note = "[Online; accessed 13-March-2012]"
 }
 
 @ONLINE{cloj:rationale,
 author = {Hickey, Rich},
 title = {Rationale},
 month = mar,
 year = {2012},
 url = {http://clojure.org/rationale}
 }
 
  @ONLINE{cloj:interop,
 author = {Hickey, Rich},
 title = {Java Interop},
 month = mar,
 year = {2012},
 url = {http://clojure.org/java_interop}
 }
 
 @inproceedings{halloway:better,
 author = "Halloway, S",
 title = "Clojure-Java Interop: A Better Java than Java",
 publisher = "QCon",
 year = "2011"}
 
 @ONLINE{docs:genclass,
 author = {clojuredocs.org},
 title = {gen-class},
 month = mar,
 year = {2012},
 url = {http://clojuredocs.org/clojure_core/clojure.core/gen-class}
 }
 
  @ONLINE{cloj:structs,
 author = {Hickey, Rich},
 title = {Rationale},
 month = mar,
 year = {2012},
 url = {http://clojure.org/data_structures}
 }